@Article{dynamic_analysis,
	author = {BA Wichmann, AA. Canning, D.L. Clutterbuck, LA Winsborrow,
		N.J. Ward and D.W.R. Marsh },
	title = {\href{https://web.archive.org/web/20110927010304/http://www.ida.liu.se/~TDDC90/papers/industrial95.pdf}{Industrial perspective on static
		analysis} },
	journal = {Software Engineering Journal},
	year = {1995},
}